<?xml version="1.0" encoding="UTF-8"?><collection xmlns="http://www.loc.gov/MARC21/slim"><record><leader>00346nam--2200121-i-4500</leader><controlfield tag="001">000002660</controlfield><controlfield tag="002">20161230</controlfield><controlfield tag="005">20161230201025</controlfield><controlfield tag="008">060222s1000------------r-----000-0-eng-d</controlfield><datafield ind1=" " ind2=" " tag="100"><subfield code="a">Brindley, G.W</subfield></datafield><datafield ind1=" " ind2=" " tag="245"><subfield code="a">X-ray identification and cerystal structures of clay minerals</subfield></datafield><datafield ind1=" " ind2=" " tag="260"><subfield code="a">London, The Mineralogical Society, 1951 Iv + 345 P</subfield></datafield><datafield ind1=" " ind2=" " tag="852"><subfield code="a">10226</subfield></datafield></record></collection>